<?xml version="1.0" encoding="UTF-8"?><collection xmlns="http://www.loc.gov/MARC21/slim"><record><leader>00408nam--2200157-i-4500</leader><controlfield tag="001">000034856</controlfield><controlfield tag="002">20161230</controlfield><controlfield tag="005">20170127120332</controlfield><controlfield tag="008">060222s1000------------r-----000-0-eng-d</controlfield><datafield ind1=" " ind2=" " tag="080"><subfield code="a">621.317.755</subfield></datafield><datafield ind1=" " ind2=" " tag="100"><subfield code="a">Nadler, Morton</subfield></datafield><datafield ind1=" " ind2=" " tag="245"><subfield code="a">Oscilograful catodic. Trad. din lb. engleza</subfield></datafield><datafield ind1=" " ind2=" " tag="260"><subfield code="a">Bucuresti</subfield><subfield code="b">Edit. Tehnica</subfield><subfield code="c">1956</subfield></datafield><datafield ind1=" " ind2=" " tag="300"><subfield code="a">249-251 p. + 1 pp</subfield></datafield><datafield ind1=" " ind2=" " tag="852"><subfield code="a">4292</subfield></datafield><datafield ind1=" " ind2=" " tag="CAT"><subfield code="a">SYS</subfield><subfield code="c">20170127</subfield><subfield code="h">120332</subfield></datafield></record></collection>